@book{electroniccircuits,
    author  = "Michael H. Tooley",
    title   = "Electronic circuits: fundamentals and applications",
    year    = "2006",
    pages   = "77--78",
    publisher = "Elsevier",
}